<record><leader>00000cas a22000007a 4500</leader><controlfield tag="001">28084927</controlfield><controlfield tag="008">930510d19721974nmu x ne      0    0eng d</controlfield><datafield ind1=" " ind2=" " tag="010"><subfield code="a">sn 93061504 </subfield></datafield><datafield ind1=" " ind2=" " tag="040"><subfield code="a">NVM</subfield><subfield code="b">eng</subfield><subfield code="c">NVM</subfield><subfield code="d">OCLCQ</subfield></datafield><datafield ind1=" " ind2=" " tag="042"><subfield code="a">msc</subfield></datafield><datafield ind1=" " ind2=" " tag="043"><subfield code="a">n-us-nm</subfield></datafield><datafield ind1="0" ind2=" " tag="130"><subfield code="a">Luz del sudoeste (La Luz, N.M.)</subfield></datafield><datafield ind1="1" ind2="3" tag="245"><subfield code="a">La Luz del sudoeste.</subfield></datafield><datafield ind1=" " ind2=" " tag="260"><subfield code="a">La Luz, N.M. :</subfield><subfield code="b">La Luz Print. Co.</subfield></datafield><datafield ind1=" " ind2=" " tag="300"><subfield code="a">v.</subfield></datafield><datafield ind1=" " ind2=" " tag="310"><subfield code="a">Irregular</subfield></datafield><datafield ind1="0" ind2=" " tag="362"><subfield code="a">Vol. 1, no. 1 [Feb. 16, 1972]-v. 2, no. 10 (Oct. 1974).</subfield></datafield><datafield ind1=" " ind2=" " tag="515"><subfield code="a">First issue lacks date; v. 1, no. 2 dated Feb. 23, 1972.</subfield></datafield><datafield ind1=" " ind2=" " tag="515"><subfield code="a">Suspended Sept. 19, 1973-Oct. 1974.</subfield></datafield><datafield ind1=" " ind2=" " tag="530"><subfield code="a">Also on microfilm: Las Cruces, N.M. : New Mexico State University Library.</subfield></datafield><datafield ind1=" " ind2="4" tag="651"><subfield code="a">La Luz (N.M.)</subfield><subfield code="v">Newspapers.</subfield></datafield><datafield ind1=" " ind2="4" tag="651"><subfield code="a">Otero County (N.M.)</subfield><subfield code="v">Newspapers.</subfield></datafield><datafield ind1=" " ind2=" " tag="752"><subfield code="a">United States</subfield><subfield code="b">New Mexico</subfield><subfield code="c">Otero</subfield><subfield code="d">La Luz.</subfield></datafield><datafield ind1="1" ind2=" " tag="029"><subfield code="a">AU@</subfield><subfield code="b">000020743527</subfield></datafield></record>